@PAPER{Pix2Pix,
author = { Phillip.I and J.Zhu and T.Zhou and A.A.Efros },
title = {Image-to-Image with Conditional Adversarial Networks},
year = {2018}
}

@misc{Blockchain-federal-Argentina,
  title = {Blockchain Federal Argentina},
  howpublished = {\url{https://bfa.ar/bfa/que-es-bfa}},
}

@misc{titulos-academicos,
    title = {Titulos academicos BFA},
    howpublished = { \url{https://bfa.ar/blockchain/casos-de-uso/titulos-academicos} },

}

@misc{smart-degrees,
    title = {Smart Degrees},
    howpublished = { \url{https://www.smartdegrees.es/en/home-en/} },

}

